@mastersthesis{Clausen:2017,
  author =       {Clausen, Esben Galvind},
  title =        {{Verifying Hash Tables in Iris}},
  year =         2017,
  school =       {Aarhus University}
}

@inproceedings{Jung:2015,
  author =       {Jung, Ralf and Swasey, David and Sieczkowski, Filip
                  and Svendsen, Kasper and Turon, Aaron and Birkedal,
                  Lars and Dreyer, Derek},
  title =        {Iris: Monoids and Invariants As an Orthogonal Basis
                  for Concurrent Reasoning},
  booktitle =    {Proceedings of the 42Nd Annual ACM SIGPLAN-SIGACT
                  Symposium on Principles of Programming Languages},
  year =         2015,
}

@inproceedings{Jung:2016,
  author =       {Jung, Ralf and Krebbers, Robbert and Birkedal, Lars
                  and Dreyer, Derek},
  title =        {Higher-order Ghost State},
  booktitle =    {Proceedings of the 21st ACM SIGPLAN International
                  Conference on Functional Programming},
  year =         2016,
}

@unpublished{Jung:2017,
  author =       {Jung, Ralf and Krebbers, Robbert and Jourdan,
                  Jacques-Henri and Bizjak, Ale\v{s} and Birkedal,
                  Lars and Dreyer, Derek},
  title =        {{Iris from the Ground Up: A Modular Foundation for
                  Higher-Order Concurrent Separation Logic}},
  year =         2017,
  note =         {Preprint.},
  url =
                  {http://www.mpi-sws.org/~dreyer/papers/iris-ground-up/paper.pdf}
}

@inbook{Krebbers2017,
  author =       {Krebbers, Robbert and Jung, Ralf and Bizjak,
                  Ale{\v{s}} and Jourdan, Jacques-Henri and Dreyer,
                  Derek and Birkedal, Lars},
  title =        {{The Essence of Higher-Order Concurrent Separation
                  Logic}},
  bookTitle =    {Programming Languages and Systems: 26th European
                  Symposium on Programming},
  year =         2017,
}

@inproceedings{Krebbers:2017,
  author =       {Krebbers, Robbert and Timany, Amin and Birkedal,
                  Lars},
  title =        {{Interactive Proofs in Higher-order Concurrent
                  Separation Logic}},
  booktitle =    {Proceedings of the 44th ACM SIGPLAN Symposium on
                  Principles of Programming Languages},
  year =         2017,
}

@InProceedings{Svendsen:2013,
  author =       {K. Svendsen and L. Birkedal and M. Parkinson},
  title =        {Modular Reasoning about Separation of Concurrent
                  Data Structures},
  booktitle =    {Programming Languages and Systems, 22nd European
                  Symposium on Programming},
  year =         2013,
}

@InProceedings{Svendson:2014,
  author =       {K. Svendsen and L. Birkedal},
  title =        {Impredicative {C}oncurrent {A}bstract {P}redicates},
  booktitle =    {Programming Languages and Systems, 23rd European
                  Symposium on Programming},
  year =         2014,
}
